@inproceedings{OmniCLT,
author = {Levin, Keith and Athreya, Avanti and Tang, Minh and Lyzinski, Vince and E. Priebe, Carey},
year = {2017},
month = {11},
pages = {964-967},
title = {A Central Limit Theorem for an Omnibus Embedding of Multiple Random Dot Product Graphs}
%,doi = {10.1109/ICDMW.2017.132}
}


@article{ASE,
author = { Daniel L.   Sussman  and  Minh   Tang  and  Donniell E.   Fishkind  and  Carey E.   Priebe },
title = {A Consistent Adjacency Spectral Embedding for Stochastic Blockmodel Graphs},
journal = {Journal of the American Statistical Association},
volume = {107},
number = {499},
pages = {1119-1128},
year  = {2012},
publisher = {Taylor & Francis}
%,doi = {10.1080/01621459.2012.699795}
}


@article{HoffLPM,
author = {Peter D Hoff and Adrian E Raftery and Mark S Handcock},
title = {Latent Space Approaches to Social Network Analysis},
journal = {Journal of the American Statistical Association},
volume = {97},
number = {460},
pages = {1090-1098},
year  = {2002},
publisher = {Taylor & Francis}
%,doi = {10.1198/016214502388618906}
%,URL = { https://doi.org/10.1198/016214502388618906}
%,eprint = {https://doi.org/10.1198/016214502388618906}
}

@Article{EigenCLT,
author="Athreya, A.
and Priebe, C. E.
and Tang, M.
and Lyzinski, V.
and Marchette, D. J.
and Sussman, D. L.",
title="A Limit Theorem for Scaled Eigenvectors of Random Dot Product Graphs",
journal="Sankhya A",
year="2016",
month="Feb",
day="01",
volume="78",
number="1",
pages="1--18",
%issn="0976-8378"
%,doi="10.1007/s13171-015-0071-x",
%url="https://doi.org/10.1007/s13171-015-0071-x"
}

@misc{JERG,
Author = {Shangsi Wang and Jesus Arroyo and Joshua T. Vogelstein and Carey E. Priebe},
Title = {Joint Embedding of Graphs},
Year = {2017}
%,Eprint = {arXiv:1703.03862},
}   

@InProceedings{RDPG,
author="Young, Stephen J.
and Scheinerman, Edward R.",
editor="Bonato, Anthony
and Chung, Fan R. K.",
title="Random Dot Product Graph Models for Social Networks",
booktitle="Algorithms and Models for the Web-Graph",
year="2007",
publisher="Springer Berlin Heidelberg",
address="Berlin, Heidelberg",
pages="138--149",
abstract="Inspired by the recent interest in combining geometry with random graph models, we explore in this paper two generalizations of the random dot product graph model proposed by Kraetzl, Nickel and Scheinerman, and Tucker [1,2]. In particular we consider the properties of clustering, diameter and degree distribution with respect to these models. Additionally we explore the conductance of these models and show that in a geometric sense, the conductance is constant."
%,isbn="978-3-540-77004-6"
}

@article{RDPGSurvey,
author = {Athreya, Avanti and E. Fishkind, Donniell and Levin, Keith and Lyzinski, Vince and Park, Youngser and Qin, Yichen and L. Sussman, Daniel and Tang, Minh and T. Vogelstein, Joshua and E. Priebe, Carey},
year = {2017},
month = {09},
pages = {},
title = {Statistical inference on random dot product graphs: A survey},
volume = {18},
journal = {Journal of Machine Learning Research}
}

@article{Kivela2014,
    author = {Kivel\"{a}, Mikko and Arenas, Alex and Barthelemy, Marc and Gleeson, James P. and Moreno, Yamir and Porter, Mason A.},
    title = {Multilayer networks},
    journal = {Journal of Complex Networks},
    volume = {2},
    number = {3},
    pages = {203-271},
    year = {2014},
}