@article{OmniCLT,
author = {Keith Levin and Avanti Athreya and Minh Tang and Vince Lyzinski and Youngser Park and Carey E. Priebe},
title = {A central limit theorem for an omnibus embedding of multiple random graphs and implications for multiscale network inference},
year = {2017},
eprint = {1705.09355},
eprinttype = {arXiv preprint},
}



% Which journal? 
@article{LSM,
author = {Avanti Athreya and Minh Tang and Youngser Park and Carey E. Priebe},
title = {On estimation and inference in latent structure random graphs},
year = {2018},
eprint = {1806.01401},
eprinttype = {arXiv preprint},
}

@article{ASE,
author = {Daniel L. Sussman  and  Minh Tang  and  Donniell E. Fishkind  and  Carey E. Priebe},
title = {A Consistent Adjacency Spectral Embedding for Stochastic Blockmodel Graphs},
journal = {Journal of the American Statistical Association},
volume = {107},
number = {499},
pages = {1119-1128},
year  = {2012},
}

@article{Semi-Par,
author = {Minh Tang and Avanti Athreya and Daniel L. Sussman and Vince Lyzinski and Youngser Park and Carey E. Priebe},
title = {A Semiparametric Two-Sample Hypothesis Testing Problem for Random Graphs},
journal = {Journal of Computational and Graphical Statistics},
volume = {26},
number = {2},
pages = {344-354},
year  = {2017},
}

@article{Connectome-Smooth, 
  title={Connectome Smoothing via Low-Rank Approximations},
  author={Runze Tang and Michael D. Ketcha and Alexandra Badea and Evan Calabrese and Daniel S. Margulies and Joshua T. Vogelstein and Carey E. Priebe and Daniel L. Sussman},
  journal={IEEE Transactions on Medical Imaging},
  year={2019},
  volume={38},
  pages={1446-1456}
}}

@article{EigenCLT,
Author = {Athreya, A. and Priebe, C. E. and Tang, M. and Lyzinski, V. and Marchette, D. J. and Sussman, D. L.},
title="A Limit Theorem for Scaled Eigenvectors of Random Dot Product Graphs",
journal= {Sankhya A},
year={2016},
number = {1},
pages = {1--18},
volume = {78}
}

@article{Hoff2002,
author = {Peter D Hoff and Adrian E Raftery and Mark S Handcock},
title = {Latent Space Approaches to Social Network Analysis},
journal = {Journal of the American Statistical Association},
volume = {97},
number = {460},
pages = {1090-1098},
year  = {2002}
}


@article{RDPG,
 author = {Young, Stephen J. and Scheinerman, Edward R.},
 title = {Random Dot Product Graph Models for Social Networks},
 booktitle = {Proceedings of the 5th International Conference on Algorithms and Models for the Web-graph},
 series = {WAW'07},
 year = {2007},
 pages = {138--149}
} 

@article{Tropp2015,
year = {2015},
volume = {8},
journal = {Foundations and Trends in Machine Learning},
title = {An Introduction to Matrix Concentration Inequalities},
number = {1-2},
pages = {1-230},
author = {Joel A. Tropp}
}

@article{CommDetSBM,
author = {V. Lyzinski and M. Tang and A. Athreya and Y. Park and C. E. Priebe},
journal = {IEEE Transactions on Network Science and Engineering},
title = {Community Detection and Classification in Hierarchical Stochastic Blockmodels},
year = {2017},
volume = {4},
number = {1},
pages = {13-26}
}

@book{HJ,
 author = {Horn, Roger A. and Johnson, Charles R.},
 title = {Matrix Analysis},
 year = {2012},
 edition = {2nd},
 publisher = {Cambridge University Press},
 address = {New York, NY, USA},
}

@article{DKvariant,
 author = {Yu, Y. and Wang, T. and Samworth, R. J.},
    title = "{A useful variant of the Davis–Kahan theorem for statisticians}",
    journal = {Biometrika},
    volume = {102},
    number = {2},
    pages = {315-323},
    year = {2014},
}

@article{tang2013,
author = {Minh Tang and Daniel L. Sussman and Carey E. Priebe},
 journal = {The Annals of Statistics},
 number = {3},
 pages = {1406--1430},
 title = {Universally consistent vertex classification for latent positions graphs},
 volume = {41},
 year = {2013}
}

@article{RDPGSurvey,
author = {Athreya, Avanti and E. Fishkind, Donniell and Levin, Keith and Lyzinski, Vince and Park, Youngser and Qin, Yichen and L. Sussman, Daniel and Tang, Minh and T. Vogelstein, Joshua and E. Priebe, Carey},
year = {2017},
pages={226:1-226:92}, 
title = {Statistical inference on random dot product graphs: A survey},
volume = {18},
journal = {Journal of Machine Learning Research}
}

@article{CLS,
  Author = {Cosma Rohilla Shalizi and Dena Asta},
    title = {Consistency of Maximum Likelihood for Continuous-Space Network Models},
    year = {2017},
    eprint = {1711.02123},
    eprinttype = {arXiv preprint},
}

@article{PerfectClustering,
%author = {Vince Lyzinski and Daniel L. Sussman and Minh Tang and Avanti Athreya and Carey E. Priebe},
author = {Lyzinski, Vince and Sussman, Daniel L. and Tang, Minh and Athreya, Avanti and Priebe, Carey E.},
year = {2014},
pages = {2905--2922},
title = {Perfect clustering for stochastic blockmodel graphs via adjacency spectral embedding},
journal = {Electron. J. Statist.},
number = {2},
volume = {8},
}

@article{arroyo2019,
  author = {Jesús Arroyo and Avanti Athreya and Joshua Cape and Guodong Chen and Carey E. Priebe and Joshua T. Vogelstein},
    title = {Inference for multiple heterogeneous networks with a common invariant subspace},
    year = {2019},
    eprint = {1906.10026},
    eprinttype = {arXiv preprint}
}

@article{nielsen2018,
    author = {Agnes Martine Nielsen and Daniela Witten},
    title = {The Multiple Random Dot Product Graph Model},
    year = {2018},
    eprint = {1811.12172},
    eprinttype = {arXiv preprint},
}

@article{wang2017,
    author = {Shangsi Wang and Jesús Arroyo and Joshua T. Vogelstein and Carey E. Priebe},
    title = {Joint Embedding of Graphs},
    year = {2017},
    eprint = {1703.03862},
    eprinttype = {arXiv preprint},
}

%-------------------------------- here --------------------------------
@article{rubindelanchy2017,
    author = {Patrick Rubin-Delanchy and Joshua Cape and Minh Tang and Carey E. Priebe},
    title = {A statistical interpretation of spectral embedding: the generalised random dot product graph},
    year = {2017},
    eprint = {arXiv:1709.05506},
    eprinttype = {arXiv preprint},
}

@article {Priebe2019,
	author = {Priebe, Carey E. and Park, Youngser and Vogelstein, Joshua T. and Conroy, John M. and Lyzinski, Vince and Tang, Minh and Athreya, Avanti and Cape, Joshua and Bridgeford, Eric},
	title = {On a two-truths phenomenon in spectral graph clustering},
	volume = {116},
	number = {13},
	pages = {5995--6000},
	year = {2019},
	publisher = {National Academy of Sciences},
	journal = {Proceedings of the National Academy of Sciences}
}

@article{Luxburg2007,
  title={A tutorial on spectral clustering},
  author={Ulrike von Luxburg},
  journal={Statistics and Computing},
  year={2007},
  volume={17},
  pages={395-416}
}

@article{Zhu2012,
author = {Zhu, Peizhen and Knyazev, Andrew},
year = {2013},
pages = {325--340},
title = {Angles between subspaces and their tangents},
volume = {21},
journal = {Journal of Numerical Mathematics},
}

@book{Kolaczyk2009,
author = {Kolaczyk, Eric D.},
title = {Statistical Analysis of Network Data: Methods and Models},
year = {2009},
publisher = {Springer Publishing Company, Incorporated},
edition = {1st}
}

@book{Lazega2016,
author = {Lazega, Emmanuel and Snijders, Tom},
year = {2016},
edition = {1st},
publisher = {Springer International Publishing, Incorporated},
title = {Multilevel Network Analysis for the Social Sciences : Theory, Methods and Applications}
}

@article{Battiston2016,
author = {Battiston, Federico and Nicosia, Vincenzo and Chavez, Mario and Latora, Vito},
year = {2016},
pages = {047404},
title = {Multilayer motif analysis of brain networks},
volume = {27},
journal = {Chaos: An Interdisciplinary Journal of Nonlinear Science},
}

@article{DeDomenico2017,
    author = {De Domenico, Manlio},
    title = {Multilayer modeling and analysis of human brain networks},
    journal = {GigaScience},
    volume = {6},
    number = {5},
    year = {2017},
}


@article{ginestet2017,
author = {Ginestet, Cedric E. and Li, Jun and Balachandran, Prakash and Rosenberg, Steven and Kolaczyk, Eric D.},
journal = {Ann. Appl. Stat.},
number = {2},
pages = {725--750},
publisher = {The Institute of Mathematical Statistics},
title = {Hypothesis testing for network data in functional neuroimaging},
volume = {11},
year = {2017}
}


@article{Cardillo2013,
	author = {Cardillo, Alessio and G{\'o}mez-Garde{\~n}es, Jes{\'u}s and Zanin, Massimiliano and Romance, Miguel and Papo, David and del Pozo, Francisco and Boccaletti, Stefano},
	journal = {Sci Rep},
	pages = {1344},
	publisher = {Nature Publishing Group},
	title = {Emergence of network features from multiplexity},
	volume = {3},
	year = {2013}}


@article{Kaluza2010, 
    author = {Pablo Kaluza and Andrea Kölzsch and Michael T. Gastner and Bernd Blasius},
    title = {The complex network of global cargo ship movements},
    journal={J. R. Soc. Interface},
    year={2010},
    volume={7},
    pages={1093-1103}
}

@article{Coscia2013,
  title={`You know Because I Know': A multidimensional network approach to human resources problem},
  author={Michele Coscia and Giulio Rossetti and Diego Pennacchioli and Damiano Ceccarelli and Fosca Giannotti},
  journal={2013 IEEE/ACM International Conference on Advances in Social Networks Analysis and Mining (ASONAM 2013)},
  year={2013},
  pages={434-441}
}

@article{Takes2018,
	author = {Takes, Frank W. and Kosters, Walter A. and Witte, Boyd and Heemskerk, Eelke M.},
	journal = {Applied Network Science},
	number = {1},
	pages = {39},
	title = {Multiplex network motifs as building blocks of corporate networks},
	volume = {3},
	year = {2018},}

@article{Goldblum2019,
	author = {Goldblum, Bethany L. and Reddie, Andrew W. and Hickey, Thomas C. and Bevins, James E. and Laderman, Sarah and Mahowald, Nathaniel and Wright, Austin P. and Katzenson, Elie and Mubarak, Yara},
	Journal = {Applied Network Science},
	Number = {1},
	Pages = {36},
	Title = {The nuclear network: multiplex network analysis for interconnected systems},
	Volume = {4},
	Year = {2019},}

@article{Szell2013,
	author = {Szell, Michael and Thurner, Stefan},
	journal = {Scientific Reports},
	number = {1},
	pages = {1214},
	title = {How women organize social networks different from men},
	volume = {3},
	year = {2013},
}

@article{Kivela2014,
    author = {Kivel\"{a}, Mikko and Arenas, Alex and Barthelemy, Marc and Gleeson, James P. and Moreno, Yamir and Porter, Mason A.},
    title = {Multilayer networks},
    journal = {Journal of Complex Networks},
    volume = {2},
    number = {3},
    pages = {203-271},
    year = {2014},
}

@article{Battiston2016_review,
	author = {Battiston, Federico and Nicosia, Vincenzo and Latora, Vito},
	journal = {The European Physical Journal Special Topics},
	number = {3},
	pages = {401--416},
	title = {The new challenges of multiplex networks: Measures and models},
	volume = {226},
	year = {2017},
	}

@article{Battiston2014,
  title = {Structural measures for multiplex networks},
  author = {Battiston, Federico and Nicosia, Vincenzo and Latora, Vito},
  journal = {Phys. Rev. E},
  volume = {89},
  issue = {3},
  pages = {032804},
  year = {2014},
  publisher = {American Physical Society},
}

@article{Cozzo2013,
    year = {2015},
	publisher = {IOP Publishing},
	volume = {17},
	number = {7},
	pages = {073029},
	author = {Emanuele Cozzo and Mikko KivelÃ€ and Manlio De Domenico and Albert Sol{\'{e}}-Ribalta and Alex Arenas and Sergio G{\'{o}}mez and Mason A Porter and Yamir Moreno},
	title = {Structure of triadic relations in multiplex networks},
	journal = {New Journal of Physics}, 
}

@article{Tudisco2017,
author = {Tudisco, Francesco and Arrigo, Francesca and Gautier, Antoine},
year = {2017},
pages = {853--876},
title = {Node and Layer Eigenvector Centralities for Multiplex Networks},
volume = {78},
number = {2}, 
journal = {SIAM Journal on Applied Mathematics},
}


@article{Taylor2019,
author = {Dane Taylor and Mason A. Porter and Peter J. Mucha},
title = {Tunable Eigenvector-Based Centralities for Multiplex and Temporal Networks},
year = {2019},
eprint = {arXiv:1904.02059},
eprinttype = {arXiv preprint},
}
%-------------------------------- here --------------------------------


@article{MuxViz2014,
    author = {De Domenico, Manlio and Porter, Mason A. and Arenas, Alex},
    title = {MuxViz: a tool for multilayer analysis and visualization of networks},
    journal = {Journal of Complex Networks},
    volume = {3},
    number = {2},
    pages = {159-176},
    year = {2014},
    %month = {10},
}

@article{Fatemi2016,
  author = {Zahra Fatemi and Mostafa Salehi and Matteo Magnani},
    title = {A simple multiforce layout for multiplex networks},
    year = {2016},
    eprint = {arXiv:1607.03914},
    eprinttype = {arXiv preprint},
}


@article{Hmimida2015,
author = {Hmimida, Manel and Kanawati, Rushed},
year = {2015},
%month = {03},
pages = {71-85},
title = {Community detection in multiplex networks: A seed-centric approach},
volume = {10},
journal = {Networks and Heterogeneous Media},
}

@article{MA2018,
title = {Detecting composite communities in multiplex networks: A multilevel memetic algorithm},
journal = {Swarm and Evolutionary Computation},
volume = {39},
pages = {177 - 191},
year = {2018},
author = {Lijia Ma and Maoguo Gong and Jianan Yan and Wenfeng Liu and Shanfeng Wang},
}

@article{Nicosia2015,
author = {Nicosia, Vincenzo and Latora, Vito},
year = {2015},
%month = {09},
pages = {032805},
title = {Measuring and modeling correlations in multiplex networks},
volume = {92},
journal = {Physical Review E},
}

@article{Bianconi2013,
  title = {Statistical mechanics of multiplex networks: Entropy and overlap},
  author = {Bianconi, Ginestra},
  journal = {Phys. Rev. E},
  volume = {87},
  issue = {6},
  pages = {062806},
  year = {2013},
  %month = {Jun},
  publisher = {American Physical Society},
}

@article{Stella_2017,
   title={Multiplex lexical networks reveal patterns in early word acquisition in children},
   volume={7},
   ISSN={2045-2322},
   %url={http://dx.doi.org/10.1038/srep46730},
   %DOI={10.1038/srep46730},
   number={1},
   journal={Scientific Reports},
   publisher={Springer Science and Business Media LLC},
   author={Stella, Massimo and Beckage, Nicole M. and Brede, Markus},
   year={2017},
   %month={Apr}
}

@article{Paez201,
    author = {Marina S. Paez and Arash A. Amini and Lizhen Lin},
    title = {Hierarchical Stochastic Block Model for Community Detection in Multiplex Networks},
    year = {2019},
    eprint = {arXiv:1904.05330}, 
    eprinttype = {arXiv preprint},
}

@article{Paul2018,
   author = {Subhadeep Paul and Yuguo Chen},
    title = {A random effects stochastic block model for joint community detection in multiple networks with applications to neuroimaging},
    year = {2018},
    eprint = {arXiv:1805.02292},
    eprinttype = {arXiv preprint},
}

@article{Murase2014,
  title = {Multilayer weighted social network model},
  author = {Murase, Yohsuke and T\"or\"ok, J\'anos and Jo, Hang-Hyun and Kaski, Kimmo and Kert\'esz, J\'anos},
  journal = {Phys. Rev. E},
  volume = {90},
  issue = {5},
  pages = {052810},
  numpages = {8},
  year = {2014},
  %month = {Nov},
  publisher = {American Physical Society},
}

@article{Gligorijevic2019,  
    author={V. {Gligorijevi\'{c}} and Y. {Panagakis} and S. {Zafeiriou}},  
    journal={IEEE Transactions on Pattern Analysis and Machine Intelligence},  
    title={Non-Negative Matrix Factorizations for Multiplex Network Analysis},   
    year={2019},  
    volume={41},  
    number={4},  
    pages={928-940}
}


@article{Erdos_2013,
	%doi = {10.1214/11-aop734},
	%url = {https://doi.org/10.1214%2F11-aop734},
	year = 2013,
	%month = {may},
	publisher = {Institute of Mathematical Statistics},
	volume = {41},
	number = {3B},
	pages = {2279--2375},
	author = {L{\'{a}}szl{\'{o}} Erd{\H{o}}s and Antti Knowles and Horng-Tzer Yau and Jun Yin},
	title = {Spectral statistics of Erd{\H{o}}s{\textendash}R{\'{e}}nyi graphs I: Local semicircle law},
	journal = {The Annals of Probability}
}

@article{Mao2020,
author = {Mao, Xueyu and Sarkar, Purnamrita and Chakrabarti, Deepayan},
title = {Estimating Mixed Memberships with Sharp Eigenvector Deviations},
journal = {Journal of the American Statistical Association},
volume = {0},
number = {ja},
pages = {1-24},
year  = {2020},
publisher = {Taylor & Francis},
%doi = {10.1080/01621459.2020.1751645},
%URL = {         https://doi.org/10.1080/01621459.2020.1751645},
%eprint = { https://doi.org/10.1080/01621459.2020.1751645}

}

@article{Draves2020,
    title={Bias-Variance Tradeoffs in Joint Spectral Embeddings},
    author={Benjamin Draves and Daniel L. Sussman},
    year={2020},
    eprint={2005.02511},
    archivePrefix={arXiv},
    primaryClass={math.ST}
}